@article{Dawson2005,
  title={The solovay-kitaev algorithm},
  author={Dawson, Christopher M and Nielsen, Michael A},
  journal={arXiv preprint quant-ph/0505030},
  year={2005}
}

@phdthesis{Harrow2001,
	title={Quantum compiling},
	author={Harrow, Aram},
	year={2001},
	school={MASSACHUSETTS INSTITUTE OF TECHNOLOGY}
}

@book{Nielsen2000,
	title={Quantum computation and quantum information},
	author={Nielsen, Michael A and Chuang, Isaac L},
	year={2010},
	publisher={Cambridge university press}
}

@book{kitaev2002classical,
	title={Classical and quantum computation},
	author={Kitaev, Alexei Yu and Shen, Alexander and Vyalyi, Mikhail N},
	number={47},
	year={2002},
	publisher={American Mathematical Soc.}
}

@misc{PaulPhamGit,
	author = {Pham, Paul},
	title = {skc-python},
	year = {2013},
	publisher = {GitHub},
	journal = {GitHub repository},
	howpublished = {\url{https://github.com/ppham/skc-python}},
	commit = { 68e6dc48043fb76a33a89c5672c5b4b6f8b54f65 }
}
